<!DOCTYPE html>
<meta charset="utf-8" />
<!-- version 1 -->
<title>[Gen 8] VGC 2022 replay: melondonkey vs. Solid_snake_ita</title>
<style>
html,body {font-family:Verdana, sans-serif;font-size:10pt;margin:0;padding:0;}body{padding:12px 0;} .battle-log {font-family:Verdana, sans-serif;font-size:10pt;} .battle-log-inline {border:1px solid #AAAAAA;background:#EEF2F5;color:black;max-width:640px;margin:0 auto 80px;padding-bottom:5px;} .battle-log .inner {padding:4px 8px 0px 8px;} .battle-log .inner-preempt {padding:0 8px 4px 8px;} .battle-log .inner-after {margin-top:0.5em;} .battle-log h2 {margin:0.5em -8px;padding:4px 8px;border:1px solid #AAAAAA;background:#E0E7EA;border-left:0;border-right:0;font-family:Verdana, sans-serif;font-size:13pt;} .battle-log .chat {vertical-align:middle;padding:3px 0 3px 0;font-size:8pt;} .battle-log .chat strong {color:#40576A;} .battle-log .chat em {padding:1px 4px 1px 3px;color:#000000;font-style:normal;} .chat.mine {background:rgba(0,0,0,0.05);margin-left:-8px;margin-right:-8px;padding-left:8px;padding-right:8px;} .spoiler {color:#BBBBBB;background:#BBBBBB;padding:0px 3px;} .spoiler:hover, .spoiler:active, .spoiler-shown {color:#000000;background:#E2E2E2;padding:0px 3px;} .spoiler a {color:#BBBBBB;} .spoiler:hover a, .spoiler:active a, .spoiler-shown a {color:#2288CC;} .chat code, .chat .spoiler:hover code, .chat .spoiler:active code, .chat .spoiler-shown code {border:1px solid #C0C0C0;background:#EEEEEE;color:black;padding:0 2px;} .chat .spoiler code {border:1px solid #CCCCCC;background:#CCCCCC;color:#CCCCCC;} .battle-log .rated {padding:3px 4px;} .battle-log .rated strong {color:white;background:#89A;padding:1px 4px;border-radius:4px;} .spacer {margin-top:0.5em;} .message-announce {background:#6688AA;color:white;padding:1px 4px 2px;} .message-announce a, .broadcast-green a, .broadcast-blue a, .broadcast-red a {color:#DDEEFF;} .broadcast-green {background-color:#559955;color:white;padding:2px 4px;} .broadcast-blue {background-color:#6688AA;color:white;padding:2px 4px;} .infobox {border:1px solid #6688AA;padding:2px 4px;} .infobox-limited {max-height:200px;overflow:auto;overflow-x:hidden;} .broadcast-red {background-color:#AA5544;color:white;padding:2px 4px;} .message-learn-canlearn {font-weight:bold;color:#228822;text-decoration:underline;} .message-learn-cannotlearn {font-weight:bold;color:#CC2222;text-decoration:underline;} .message-effect-weak {font-weight:bold;color:#CC2222;} .message-effect-resist {font-weight:bold;color:#6688AA;} .message-effect-immune {font-weight:bold;color:#666666;} .message-learn-list {margin-top:0;margin-bottom:0;} .message-throttle-notice, .message-error {color:#992222;} .message-overflow, .chat small.message-overflow {font-size:0pt;} .message-overflow::before {font-size:9pt;content:'...';} .subtle {color:#3A4A66;}
</style>
<div class="wrapper replay-wrapper" style="max-width:1180px;margin:0 auto">
<input type="hidden" name="replayid" value="gen8vgc2022-1548377829-ky1m9isizgibdvnt49uw102to9zhlycpw" />
<div class="battle"></div><div class="battle-log"></div><div class="replay-controls"></div><div class="replay-controls-2"></div>
<h1 style="font-weight:normal;text-align:center"><strong>[Gen 8] VGC 2022</strong><br /><a href="http://pokemonshowdown.com/users/melondonkey" class="subtle" target="_blank">melondonkey</a> vs. <a href="http://pokemonshowdown.com/users/solidsnakeita" class="subtle" target="_blank">Solid_snake_ita</a></h1>
<script type="text/plain" class="battle-log-data">|j|☆melondonkey

|j|☆Solid_snake_ita
|t:|1649362546
|gametype|doubles
|player|p1|melondonkey|170|1463
|player|p2|Solid_snake_ita|101|1378
|teamsize|p1|6
|teamsize|p2|6
|gen|8
|tier|[Gen 8] VGC 2022
|rated|
|rule|Species Clause: Limit one of each Pokémon
|rule|Item Clause: Limit one of each item
|clearpoke
|poke|p1|Kyurem-White, L50|
|poke|p1|Sableye, L50, M|
|poke|p1|Regieleki, L50|
|poke|p1|Zacian-*, L50|
|poke|p1|Urshifu-*, L50, M|
|poke|p1|Rillaboom, L50, F|
|poke|p2|Regieleki, L50|
|poke|p2|Zacian-*, L50|
|poke|p2|Yveltal, L50|
|poke|p2|Incineroar, L50, M|
|poke|p2|Landorus-Therian, L50, M|
|poke|p2|Grimmsnarl, L50, M|
|teampreview|4
|
|t:|1649362581
|start
|switch|p1a: Sableye|Sableye, L50, M|157\/157
|switch|p1b: Kyurem|Kyurem-White, L50|201\/201
|switch|p2a: Grimmsnarl|Grimmsnarl, L50, M|100\/100
|switch|p2b: Yveltal|Yveltal, L50|100\/100
|-ability|p2b: Yveltal|Dark Aura
|-ability|p1b: Kyurem|Turboblaze
|turn|1
|
|t:|1649362615
|-start|p2b: Yveltal|Dynamax|
|-heal|p2b: Yveltal|100\/100|[silent]
|-start|p1b: Kyurem|Dynamax|
|-heal|p1b: Kyurem|402\/402|[silent]
|move|p1a: Sableye|Fake Out|p2a: Grimmsnarl
|-damage|p2a: Grimmsnarl|89\/100
|cant|p2a: Grimmsnarl|flinch
|move|p2b: Yveltal|Max Airstream|p1b: Kyurem
|-damage|p1b: Kyurem|258\/402
|-boost|p2a: Grimmsnarl|spe|1
|-boost|p2b: Yveltal|spe|1
|-damage|p2b: Yveltal|96\/100|[from] item: Life Orb
|move|p1b: Kyurem|Max Hailstorm|p2a: Grimmsnarl
|-damage|p2a: Grimmsnarl|0 fnt
|-weather|Hail
|faint|p2a: Grimmsnarl
|-damage|p1b: Kyurem|238\/402|[from] item: Life Orb
|
|-weather|Hail|[upkeep]
|-damage|p2b: Yveltal|93\/100|[from] Hail
|-damage|p1a: Sableye|148\/157|[from] Hail
|upkeep
|
|t:|1649362641
|switch|p2a: Incineroar|Incineroar, L50, M|100\/100
|-ability|p2a: Incineroar|Intimidate|boost
|-unboost|p1a: Sableye|atk|1
|-unboost|p1b: Kyurem|atk|1
|turn|2
|
|t:|1649362661
|move|p2b: Yveltal|Max Darkness|p1b: Kyurem
|-damage|p1b: Kyurem|50\/402
|-unboost|p1a: Sableye|spd|1
|-unboost|p1b: Kyurem|spd|1
|-damage|p2b: Yveltal|88\/100|[from] item: Life Orb
|move|p1b: Kyurem|Max Hailstorm|p2b: Yveltal
|-supereffective|p2b: Yveltal
|-damage|p2b: Yveltal|0 fnt
|faint|p2b: Yveltal
|-damage|p1b: Kyurem|30\/402|[from] item: Life Orb
|move|p2a: Incineroar|Flare Blitz|p1a: Sableye
|-damage|p1a: Sableye|60\/157
|-damage|p2a: Incineroar|86\/100|[from] Recoil
|move|p1a: Sableye|Foul Play|p2a: Incineroar
|-resisted|p2a: Incineroar
|-damage|p2a: Incineroar|68\/100
|
|-weather|Hail|[upkeep]
|-damage|p1a: Sableye|51\/157|[from] Hail
|upkeep
|inactive|Battle timer is ON: inactive players will automatically lose when time's up. (requested by melondonkey)
|inactive|Time left: 90 sec this turn | 420 sec total | 90 sec grace
|
|t:|1649362685
|switch|p2b: Zacian|Zacian-Crowned, L50|100\/100
|-ability|p2b: Zacian|Intrepid Sword|boost
|-boost|p2b: Zacian|atk|1
|turn|3
|inactive|Time left: 55 sec this turn | 420 sec total
|
|t:|1649362702
|move|p2b: Zacian|Protect|p2b: Zacian
|-singleturn|p2b: Zacian|Protect
|move|p1a: Sableye|Quash|p2b: Zacian
|-activate|p2b: Zacian|move: Protect
|move|p1b: Kyurem|Max Quake|p2b: Zacian
|-supereffective|p2b: Zacian
|-zbroken|p2b: Zacian
|-damage|p2b: Zacian|69\/100
|-boost|p1a: Sableye|spd|1
|-boost|p1b: Kyurem|spd|1
|-damage|p1b: Kyurem|10\/402|[from] item: Life Orb
|move|p2a: Incineroar|Flare Blitz|p1a: Sableye
|-damage|p1a: Sableye|0 fnt
|faint|p1a: Sableye
|-damage|p2a: Incineroar|59\/100|[from] Recoil
|
|-weather|Hail|[upkeep]
|-damage|p2b: Zacian|63\/100|[from] Hail
|-end|p1b: Kyurem|Dynamax
|-heal|p1b: Kyurem|5\/201|[silent]
|upkeep
|inactive|Time left: 55 sec this turn | 405 sec total
|
|t:|1649362720
|switch|p1a: Regieleki|Regieleki, L50|156\/156
|turn|4
|inactive|Time left: 55 sec this turn | 390 sec total
|
|t:|1649362731
|move|p1a: Regieleki|Electroweb|p2b: Zacian|[spread] p2a,p2b
|-damage|p2a: Incineroar|34\/100
|-damage|p2b: Zacian|40\/100
|-unboost|p2a: Incineroar|spe|1
|-unboost|p2b: Zacian|spe|1
|move|p1b: Kyurem|Earth Power|p2b: Zacian
|-supereffective|p2b: Zacian
|-damage|p2b: Zacian|0 fnt
|faint|p2b: Zacian
|-damage|p1b: Kyurem|0 fnt|[from] item: Life Orb
|faint|p1b: Kyurem
|move|p2a: Incineroar|Flare Blitz|p1a: Regieleki
|-damage|p1a: Regieleki|6\/156
|-damage|p2a: Incineroar|9\/100|[from] Recoil
|
|-weather|Hail|[upkeep]
|-damage|p1a: Regieleki|0 fnt|[from] Hail
|faint|p1a: Regieleki
|upkeep
|inactive|Time left: 55 sec this turn | 385 sec total
|-message|Solid_snake_ita forfeited.
|
|win|melondonkey
|inactive|Time left: 55 sec this turn | 380 sec total
|raw|melondonkey's rating: 1463 &rarr; <strong>1478<\/strong><br \/>(+15 for winning)
|raw|Solid_snake_ita's rating: 1378 &rarr; <strong>1363<\/strong><br \/>(-15 for losing)
|l|☆Solid_snake_ita</script>
</div>
<div class="battle-log battle-log-inline"><div class="inner"><div class="battle-options"><div style="padding-top: 3px; padding-right: 3px; text-align: right"><button class="icon button" name="openBattleOptions" title="Options">Battle Options</button></div></div><div class="inner message-log"><div class="chat"><small>☆melondonkey and ☆Solid_snake_ita joined</small></div><div class=""><small>Format:</small> <br><strong>[Gen 8] VGC 2022</strong></div><div class="rated"><strong>Rated battle</strong></div><div class=""><small><em>Species Clause:</em> Limit one of each Pokémon</small></div><div class=""><small><em>Item Clause:</em> Limit one of each item</small></div><div class="chat battle-history"><strong>melondonkey's team:</strong> <em style="color:#445566;display:block;">Kyurem-White / Sableye / Regieleki / Zacian-* / Urshifu-* / Rillaboom</em></div><div class="chat battle-history"><strong>Solid_snake_ita's team:</strong> <em style="color:#445566;display:block;">Regieleki / Zacian-* / Yveltal / Incineroar / Landorus-Therian / Grimmsnarl</em></div><div class="spacer battle-history"><br></div><div class="battle-history">Battle started between melondonkey and Solid_snake_ita!<br></div><div class="spacer battle-history"><br></div><div class="battle-history">Go! <strong>Sableye</strong>!<br></div><div class="spacer battle-history"><br></div><div class="battle-history">Go! Kyurem (<strong>Kyurem-White</strong>)!<br></div><div class="spacer battle-history"><br></div><div class="battle-history">Solid_snake_ita sent out <strong>Grimmsnarl</strong>!<br></div><div class="spacer battle-history"><br></div><div class="battle-history">Solid_snake_ita sent out <strong>Yveltal</strong>!<br></div><div class="battle-history">[The opposing Yveltal's Dark Aura]<br><small>The opposing Yveltal is radiating a dark aura!</small><br></div><div class="battle-history">[Kyurem's Turboblaze]<br><small>Kyurem is radiating a blazing aura!</small><br></div><div class="spacer battle-history"><br></div><h2 class="battle-history">Turn 1</h2><div class="spacer battle-history"><br></div><div class="battle-history"><small>(The opposing Yveltal's Dynamax!)</small><br></div><div class="battle-history"><small>(Kyurem's Dynamax!)</small><br></div><div class="spacer battle-history"><br></div><div class="battle-history">Sableye used <strong>Fake Out</strong>!<br></div><div class="battle-history"><small>(The opposing Grimmsnarl lost 11% of its health!)</small><br></div><div class="spacer battle-history"><br></div><div class="battle-history">The opposing Grimmsnarl flinched and couldn't move!<br></div><div class="spacer battle-history"><br></div><div class="battle-history">The opposing Yveltal used <strong>Max Airstream</strong>!<br></div><div class="battle-history"><small>(Kyurem lost <abbr title="−144/402">35.8%</abbr> of its health!)</small><br></div><div class="battle-history"><small>The opposing Grimmsnarl's Speed rose!</small><br></div><div class="battle-history"><small>The opposing Yveltal's Speed rose!</small><br></div><div class="battle-history"><small>The opposing Yveltal lost some of its HP!</small><br></div><div class="spacer battle-history"><br></div><div class="battle-history">Kyurem used <strong>Max Hailstorm</strong>!<br></div><div class="battle-history"><small>(The opposing Grimmsnarl lost 89% of its health!)</small><br></div><div class="battle-history"><small>It started to hail!</small><br></div><div class="spacer battle-history"><br></div><div class="battle-history">The opposing Grimmsnarl fainted!<br></div><div class="battle-history"><small>Kyurem lost some of its HP!</small><br></div><div class="spacer battle-history"><br></div><div class="battle-history"><small>(The hail is crashing down.)</small><br></div><div class="battle-history"><small>The opposing Yveltal is buffeted by the hail!</small><br></div><div class="battle-history"><small>Sableye is buffeted by the hail!</small><br></div><div class="spacer battle-history"><br></div><div class="battle-history">Solid_snake_ita sent out <strong>Incineroar</strong>!<br></div><div class="battle-history">[The opposing Incineroar's Intimidate]<br></div><div class="battle-history"><small>Sableye's Attack fell!</small><br></div><div class="battle-history"><small>Kyurem's Attack fell!</small><br></div><div class="spacer battle-history"><br></div><h2 class="battle-history">Turn 2</h2><div class="spacer battle-history"><br></div><div class="battle-history">The opposing Yveltal used <strong>Max Darkness</strong>!<br></div><div class="battle-history"><small>(Kyurem lost <abbr title="−188/402">46.8%</abbr> of its health!)</small><br></div><div class="battle-history"><small>Sableye's Sp. Def fell!</small><br></div><div class="battle-history"><small>Kyurem's Sp. Def fell!</small><br></div><div class="battle-history"><small>The opposing Yveltal lost some of its HP!</small><br></div><div class="spacer battle-history"><br></div><div class="battle-history">Kyurem used <strong>Max Hailstorm</strong>!<br></div><div class="battle-history"><small>It's super effective!</small><br></div><div class="battle-history"><small>(The opposing Yveltal lost 88% of its health!)</small><br></div><div class="spacer battle-history"><br></div><div class="battle-history">The opposing Yveltal fainted!<br></div><div class="battle-history"><small>Kyurem lost some of its HP!</small><br></div><div class="spacer battle-history"><br></div><div class="battle-history">The opposing Incineroar used <strong>Flare Blitz</strong>!<br></div><div class="battle-history"><small>(Sableye lost <abbr title="−88/157">56.1%</abbr> of its health!)</small><br></div><div class="battle-history"><small>The opposing Incineroar was damaged by the recoil!</small><br></div><div class="spacer battle-history"><br></div><div class="battle-history">Sableye used <strong>Foul Play</strong>!<br></div><div class="battle-history"><small>It's not very effective...</small><br></div><div class="battle-history"><small>(The opposing Incineroar lost 18% of its health!)</small><br></div><div class="spacer battle-history"><br></div><div class="battle-history"><small>(The hail is crashing down.)</small><br></div><div class="battle-history"><small>Sableye is buffeted by the hail!</small><br></div><div class="chat message-error">Battle timer is ON: inactive players will automatically lose when time's up. (requested by melondonkey)</div><div class="spacer battle-history"><br></div><div class="battle-history">Solid_snake_ita sent out Zacian (<strong>Zacian-Crowned</strong>)!<br></div><div class="battle-history">[The opposing Zacian's Intrepid Sword]<br></div><div class="battle-history"><small>The opposing Zacian's Attack rose!</small><br></div><div class="spacer battle-history"><br></div><h2 class="battle-history">Turn 3</h2><div class="spacer battle-history"><br></div><div class="battle-history">The opposing Zacian used <strong>Protect</strong>!<br></div><div class="battle-history"><small>The opposing Zacian protected itself!</small><br></div><div class="spacer battle-history"><br></div><div class="battle-history">Sableye used <strong>Quash</strong>!<br></div><div class="battle-history"><small>The opposing Zacian protected itself!</small><br></div><div class="spacer battle-history"><br></div><div class="battle-history">Kyurem used <strong>Max Quake</strong>!<br></div><div class="battle-history"><small>It's super effective!</small><br></div><div class="battle-history"><small>The opposing Zacian couldn't fully protect itself and got hurt!</small><br></div><div class="battle-history"><small>(The opposing Zacian lost 31% of its health!)</small><br></div><div class="battle-history"><small>Sableye's Sp. Def rose!</small><br></div><div class="battle-history"><small>Kyurem's Sp. Def rose!</small><br></div><div class="battle-history"><small>Kyurem lost some of its HP!</small><br></div><div class="spacer battle-history"><br></div><div class="battle-history">The opposing Incineroar used <strong>Flare Blitz</strong>!<br></div><div class="battle-history"><small>(Sableye lost <abbr title="−51/157">32.5%</abbr> of its health!)</small><br></div><div class="spacer battle-history"><br></div><div class="battle-history">Sableye fainted!<br></div><div class="battle-history"><small>The opposing Incineroar was damaged by the recoil!</small><br></div><div class="spacer battle-history"><br></div><div class="battle-history"><small>(The hail is crashing down.)</small><br></div><div class="battle-history"><small>The opposing Zacian is buffeted by the hail!</small><br></div><div class="battle-history"><small>(Kyurem returned to normal!)</small><br></div><div class="spacer battle-history"><br></div><div class="battle-history">Go! <strong>Regieleki</strong>!<br></div><div class="spacer battle-history"><br></div><h2 class="battle-history">Turn 4</h2><div class="spacer battle-history"><br></div><div class="battle-history">Regieleki used <strong>Electroweb</strong>!<br></div><div class="battle-history"><small>(The opposing Incineroar lost 25% of its health!)</small><br></div><div class="battle-history"><small>(The opposing Zacian lost 23% of its health!)</small><br></div><div class="battle-history"><small>The opposing Incineroar's Speed fell!</small><br></div><div class="battle-history"><small>The opposing Zacian's Speed fell!</small><br></div><div class="spacer battle-history"><br></div><div class="battle-history">Kyurem used <strong>Earth Power</strong>!<br></div><div class="battle-history"><small>It's super effective!</small><br></div><div class="battle-history"><small>(The opposing Zacian lost 40% of its health!)</small><br></div><div class="spacer battle-history"><br></div><div class="battle-history">The opposing Zacian fainted!<br></div><div class="battle-history"><small>Kyurem lost some of its HP!</small><br></div><div class="spacer battle-history"><br></div><div class="battle-history">Kyurem fainted!<br></div><div class="battle-history">The opposing Incineroar used <strong>Flare Blitz</strong>!<br></div><div class="battle-history"><small>(Regieleki lost <abbr title="−150/156">96.2%</abbr> of its health!)</small><br></div><div class="battle-history"><small>The opposing Incineroar was damaged by the recoil!</small><br></div><div class="spacer battle-history"><br></div><div class="battle-history"><small>(The hail is crashing down.)</small><br></div><div class="battle-history"><small>Regieleki is buffeted by the hail!</small><br></div><div class="spacer battle-history"><br></div><div class="battle-history">Regieleki fainted!<br></div><div class="battle-history"><small>Solid_snake_ita forfeited.</small><br></div><div class="spacer battle-history"><br></div><div class="battle-history"><strong>melondonkey</strong> won the battle!<br></div><div class="chat">melondonkey's rating: 1463 → <strong>1478</strong><br>(+15 for winning)</div><div class="chat">Solid_snake_ita's rating: 1378 → <strong>1363</strong><br>(-15 for losing)</div><div class="chat"><small>☆Solid_snake_ita left</small></div></div><div class="inner-preempt message-log"></div></div></div>
</div>
<script>
let daily = Math.floor(Date.now()/1000/60/60/24);document.write('<script src="https://play.pokemonshowdown.com/js/replay-embed.js?version'+daily+'"></'+'script>');
</script>
