<!DOCTYPE html>
<meta charset="utf-8" />
<!-- version 1 -->
<title>[Gen 8] VGC 2022 replay: melondonkey vs. SoAYusk</title>
<style>
html,body {font-family:Verdana, sans-serif;font-size:10pt;margin:0;padding:0;}body{padding:12px 0;} .battle-log {font-family:Verdana, sans-serif;font-size:10pt;} .battle-log-inline {border:1px solid #AAAAAA;background:#EEF2F5;color:black;max-width:640px;margin:0 auto 80px;padding-bottom:5px;} .battle-log .inner {padding:4px 8px 0px 8px;} .battle-log .inner-preempt {padding:0 8px 4px 8px;} .battle-log .inner-after {margin-top:0.5em;} .battle-log h2 {margin:0.5em -8px;padding:4px 8px;border:1px solid #AAAAAA;background:#E0E7EA;border-left:0;border-right:0;font-family:Verdana, sans-serif;font-size:13pt;} .battle-log .chat {vertical-align:middle;padding:3px 0 3px 0;font-size:8pt;} .battle-log .chat strong {color:#40576A;} .battle-log .chat em {padding:1px 4px 1px 3px;color:#000000;font-style:normal;} .chat.mine {background:rgba(0,0,0,0.05);margin-left:-8px;margin-right:-8px;padding-left:8px;padding-right:8px;} .spoiler {color:#BBBBBB;background:#BBBBBB;padding:0px 3px;} .spoiler:hover, .spoiler:active, .spoiler-shown {color:#000000;background:#E2E2E2;padding:0px 3px;} .spoiler a {color:#BBBBBB;} .spoiler:hover a, .spoiler:active a, .spoiler-shown a {color:#2288CC;} .chat code, .chat .spoiler:hover code, .chat .spoiler:active code, .chat .spoiler-shown code {border:1px solid #C0C0C0;background:#EEEEEE;color:black;padding:0 2px;} .chat .spoiler code {border:1px solid #CCCCCC;background:#CCCCCC;color:#CCCCCC;} .battle-log .rated {padding:3px 4px;} .battle-log .rated strong {color:white;background:#89A;padding:1px 4px;border-radius:4px;} .spacer {margin-top:0.5em;} .message-announce {background:#6688AA;color:white;padding:1px 4px 2px;} .message-announce a, .broadcast-green a, .broadcast-blue a, .broadcast-red a {color:#DDEEFF;} .broadcast-green {background-color:#559955;color:white;padding:2px 4px;} .broadcast-blue {background-color:#6688AA;color:white;padding:2px 4px;} .infobox {border:1px solid #6688AA;padding:2px 4px;} .infobox-limited {max-height:200px;overflow:auto;overflow-x:hidden;} .broadcast-red {background-color:#AA5544;color:white;padding:2px 4px;} .message-learn-canlearn {font-weight:bold;color:#228822;text-decoration:underline;} .message-learn-cannotlearn {font-weight:bold;color:#CC2222;text-decoration:underline;} .message-effect-weak {font-weight:bold;color:#CC2222;} .message-effect-resist {font-weight:bold;color:#6688AA;} .message-effect-immune {font-weight:bold;color:#666666;} .message-learn-list {margin-top:0;margin-bottom:0;} .message-throttle-notice, .message-error {color:#992222;} .message-overflow, .chat small.message-overflow {font-size:0pt;} .message-overflow::before {font-size:9pt;content:'...';} .subtle {color:#3A4A66;}
</style>
<div class="wrapper replay-wrapper" style="max-width:1180px;margin:0 auto">
<input type="hidden" name="replayid" value="gen8vgc2022-1548299075-wbsvl7famuh2v11c0dwp6slo0shf2s1pw" />
<div class="battle"></div><div class="battle-log"></div><div class="replay-controls"></div><div class="replay-controls-2"></div>
<h1 style="font-weight:normal;text-align:center"><strong>[Gen 8] VGC 2022</strong><br /><a href="http://pokemonshowdown.com/users/melondonkey" class="subtle" target="_blank">melondonkey</a> vs. <a href="http://pokemonshowdown.com/users/soayusk" class="subtle" target="_blank">SoAYusk</a></h1>
<script type="text/plain" class="battle-log-data">|j|☆melondonkey

|j|☆SoAYusk
|t:|1649355688
|gametype|doubles
|player|p1|melondonkey|170|1443
|player|p2|SoAYusk|biker-gen4|1532
|teamsize|p1|6
|teamsize|p2|6
|gen|8
|tier|[Gen 8] VGC 2022
|rated|
|rule|Species Clause: Limit one of each Pokémon
|rule|Item Clause: Limit one of each item
|clearpoke
|poke|p1|Kyurem-White, L50|
|poke|p1|Sableye, L50, M|
|poke|p1|Regieleki, L50|
|poke|p1|Zacian-*, L50|
|poke|p1|Urshifu-*, L50, F|
|poke|p1|Rillaboom, L50, M|
|poke|p2|Kyogre, L50|
|poke|p2|Zacian-*, L50|
|poke|p2|Thundurus, L50, M|
|poke|p2|Rillaboom, L50, F|
|poke|p2|Incineroar, L50, F|
|poke|p2|Whimsicott, L50, M|
|teampreview|4
|inactive|Battle timer is ON: inactive players will automatically lose when time's up. (requested by SoAYusk)
|inactive|Time left: 90 sec this turn | 420 sec total | 90 sec grace
|
|t:|1649355721
|start
|switch|p1a: Sableye|Sableye, L50, M|157\/157
|switch|p1b: Kyurem|Kyurem-White, L50|201\/201
|switch|p2a: Incineroar|Incineroar, L50, F|100\/100
|switch|p2b: Whimsicott|Whimsicott, L50, M|100\/100
|-ability|p1b: Kyurem|Turboblaze
|-ability|p2a: Incineroar|Intimidate|boost
|-unboost|p1a: Sableye|atk|1
|-unboost|p1b: Kyurem|atk|1
|turn|1
|inactive|Time left: 55 sec this turn | 420 sec total
|inactive|melondonkey has 30 seconds left.
|
|t:|1649355752
|-start|p1b: Kyurem|Dynamax|
|-heal|p1b: Kyurem|402\/402|[silent]
|move|p1a: Sableye|Fake Out|p2b: Whimsicott
|-damage|p2b: Whimsicott|93\/100
|cant|p2b: Whimsicott|flinch
|move|p1b: Kyurem|Max Hailstorm|p2b: Whimsicott
|-supereffective|p2b: Whimsicott
|-damage|p2b: Whimsicott|0 fnt
|-weather|Hail
|faint|p2b: Whimsicott
|-damage|p1b: Kyurem|382\/402|[from] item: Life Orb
|move|p2a: Incineroar|Flare Blitz|p1a: Sableye
|-damage|p1a: Sableye|63\/157
|-damage|p2a: Incineroar|85\/100|[from] Recoil
|
|-weather|Hail|[upkeep]
|-damage|p2a: Incineroar|79\/100|[from] Hail
|-damage|p1a: Sableye|54\/157|[from] Hail
|upkeep
|inactive|Time left: 55 sec this turn | 390 sec total
|
|t:|1649355767
|switch|p2b: Zacian|Zacian-Crowned, L50|100\/100
|-ability|p2b: Zacian|Intrepid Sword|boost
|-boost|p2b: Zacian|atk|1
|turn|2
|inactive|Time left: 55 sec this turn | 390 sec total
|
|t:|1649355775
|move|p2b: Zacian|Protect|p2b: Zacian
|-singleturn|p2b: Zacian|Protect
|move|p1a: Sableye|Quash|p2b: Zacian
|-activate|p2b: Zacian|move: Protect
|move|p1b: Kyurem|Max Quake|p2b: Zacian
|-supereffective|p2b: Zacian
|-zbroken|p2b: Zacian
|-damage|p2b: Zacian|71\/100
|-boost|p1a: Sableye|spd|1
|-boost|p1b: Kyurem|spd|1
|-damage|p1b: Kyurem|362\/402|[from] item: Life Orb
|move|p2a: Incineroar|Flare Blitz|p1a: Sableye
|-damage|p1a: Sableye|0 fnt
|faint|p1a: Sableye
|-damage|p2a: Incineroar|70\/100|[from] Recoil
|
|-weather|Hail|[upkeep]
|-damage|p2b: Zacian|65\/100|[from] Hail
|-damage|p2a: Incineroar|64\/100|[from] Hail
|upkeep
|inactive|Time left: 55 sec this turn | 385 sec total
|
|t:|1649355792
|switch|p1a: Regieleki|Regieleki, L50|156\/156
|turn|3
|inactive|Time left: 55 sec this turn | 370 sec total
|
|t:|1649355800
|switch|p2b: Rillaboom|Rillaboom, L50, F|100\/100
|-fieldstart|move: Grassy Terrain|[from] ability: Grassy Surge|[of] p2b: Rillaboom
|move|p1a: Regieleki|Electroweb|p2a: Incineroar|[spread] p2a,p2b
|-resisted|p2b: Rillaboom
|-damage|p2a: Incineroar|46\/100
|-damage|p2b: Rillaboom|86\/100
|-unboost|p2a: Incineroar|spe|1
|-unboost|p2b: Rillaboom|spe|1
|move|p1b: Kyurem|Max Quake|p2b: Rillaboom
|-resisted|p2b: Rillaboom
|-damage|p2b: Rillaboom|47\/100
|-boost|p1a: Regieleki|spd|1
|-boost|p1b: Kyurem|spd|1
|-damage|p1b: Kyurem|342\/402|[from] item: Life Orb
|move|p2a: Incineroar|Parting Shot|p1a: Regieleki
|-unboost|p1a: Regieleki|atk|1
|-unboost|p1a: Regieleki|spa|1
|inactive|Time left: 55 sec this turn | 365 sec total
|
|t:|1649355809
|switch|p2a: Zacian|Zacian-Crowned, L50|65\/100|[from]move: Parting Shot
|-ability|p2a: Zacian|Intrepid Sword|boost
|-boost|p2a: Zacian|atk|1
|
|-weather|Hail|[upkeep]
|-damage|p1a: Regieleki|147\/156|[from] Hail
|-damage|p2a: Zacian|59\/100|[from] Hail
|-damage|p2b: Rillaboom|41\/100|[from] Hail
|-heal|p1a: Regieleki|156\/156|[from] Grassy Terrain
|-heal|p2a: Zacian|65\/100|[from] Grassy Terrain
|-heal|p1b: Kyurem|354\/402|[from] Grassy Terrain
|-heal|p2b: Rillaboom|47\/100|[from] Grassy Terrain
|-end|p1b: Kyurem|Dynamax
|-heal|p1b: Kyurem|177\/201|[silent]
|upkeep
|turn|4
|inactive|Time left: 55 sec this turn | 365 sec total
|inactive|melondonkey has 30 seconds left.
|
|t:|1649355840
|move|p2b: Rillaboom|Fake Out|p1a: Regieleki
|-damage|p1a: Regieleki|110\/156
|cant|p1a: Regieleki|flinch
|move|p2a: Zacian|Behemoth Blade|p1b: Kyurem
|-supereffective|p1b: Kyurem
|-damage|p1b: Kyurem|0 fnt
|faint|p1b: Kyurem
|
|-weather|Hail|[upkeep]
|-damage|p1a: Regieleki|101\/156|[from] Hail
|-damage|p2a: Zacian|59\/100|[from] Hail
|-damage|p2b: Rillaboom|41\/100|[from] Hail
|-heal|p1a: Regieleki|110\/156|[from] Grassy Terrain
|-heal|p2a: Zacian|65\/100|[from] Grassy Terrain
|-heal|p2b: Rillaboom|47\/100|[from] Grassy Terrain
|upkeep
|inactive|Time left: 55 sec this turn | 335 sec total
|
|t:|1649355854
|switch|p1b: Zacian|Zacian-Crowned, L50|168\/168
|-ability|p1b: Zacian|Intrepid Sword|boost
|-boost|p1b: Zacian|atk|1
|turn|5
|inactive|Time left: 55 sec this turn | 325 sec total
|
|t:|1649355868
|switch|p2a: Incineroar|Incineroar, L50, F|46\/100
|-ability|p2a: Incineroar|Intimidate|boost
|-unboost|p1a: Regieleki|atk|1
|-unboost|p1b: Zacian|atk|1
|move|p1a: Regieleki|Protect|p1a: Regieleki
|-singleturn|p1a: Regieleki|Protect
|move|p2b: Rillaboom|Grassy Glide|p1a: Regieleki
|-activate|p1a: Regieleki|move: Protect
|move|p1b: Zacian|Behemoth Blade|p2a: Incineroar
|-resisted|p2a: Incineroar
|-crit|p2a: Incineroar
|-damage|p2a: Incineroar|2\/100
|
|-weather|none
|-heal|p1a: Regieleki|119\/156|[from] Grassy Terrain
|-heal|p2a: Incineroar|8\/100|[from] Grassy Terrain
|-heal|p2b: Rillaboom|53\/100|[from] Grassy Terrain
|upkeep
|turn|6
|inactive|Time left: 55 sec this turn | 315 sec total
|inactive|melondonkey has 30 seconds left.
|
|t:|1649355893
|move|p2a: Incineroar|Fake Out|p1b: Zacian
|-resisted|p1b: Zacian
|-damage|p1b: Zacian|159\/168
|move|p2b: Rillaboom|Grassy Glide|p1a: Regieleki
|-damage|p1a: Regieleki|0 fnt
|faint|p1a: Regieleki
|cant|p1b: Zacian|flinch
|
|-heal|p1b: Zacian|168\/168|[from] Grassy Terrain
|-heal|p2a: Incineroar|14\/100|[from] Grassy Terrain
|-heal|p2b: Rillaboom|59\/100|[from] Grassy Terrain
|upkeep
|turn|7
|inactive|Time left: 55 sec this turn | 290 sec total
|-message|melondonkey forfeited.
|
|win|SoAYusk
|inactive|Time left: 55 sec this turn | 280 sec total
|raw|melondonkey's rating: 1443 &rarr; <strong>1428<\/strong><br \/>(-15 for losing)
|raw|SoAYusk's rating: 1532 &rarr; <strong>1547<\/strong><br \/>(+15 for winning)</script>
</div>
<div class="battle-log battle-log-inline"><div class="inner"><div class="battle-options"><div style="padding-top: 3px; padding-right: 3px; text-align: right"><button class="icon button" name="openBattleOptions" title="Options">Battle Options</button></div></div><div class="inner message-log"><div class="chat"><small>☆melondonkey and ☆SoAYusk joined</small></div><div class=""><small>Format:</small> <br><strong>[Gen 8] VGC 2022</strong></div><div class="rated"><strong>Rated battle</strong></div><div class=""><small><em>Species Clause:</em> Limit one of each Pokémon</small></div><div class=""><small><em>Item Clause:</em> Limit one of each item</small></div><div class="chat battle-history"><strong>melondonkey's team:</strong> <em style="color:#445566;display:block;">Kyurem-White / Sableye / Regieleki / Zacian-* / Urshifu-* / Rillaboom</em></div><div class="chat battle-history"><strong>SoAYusk's team:</strong> <em style="color:#445566;display:block;">Kyogre / Zacian-* / Thundurus / Rillaboom / Incineroar / Whimsicott</em></div><div class="chat message-error">Battle timer is ON: inactive players will automatically lose when time's up. (requested by SoAYusk)</div><div class="spacer battle-history"><br></div><div class="battle-history">Battle started between melondonkey and SoAYusk!<br></div><div class="spacer battle-history"><br></div><div class="battle-history">Go! <strong>Sableye</strong>!<br></div><div class="spacer battle-history"><br></div><div class="battle-history">Go! Kyurem (<strong>Kyurem-White</strong>)!<br></div><div class="spacer battle-history"><br></div><div class="battle-history">SoAYusk sent out <strong>Incineroar</strong>!<br></div><div class="spacer battle-history"><br></div><div class="battle-history">SoAYusk sent out <strong>Whimsicott</strong>!<br></div><div class="battle-history">[Kyurem's Turboblaze]<br><small>Kyurem is radiating a blazing aura!</small><br></div><div class="battle-history">[The opposing Incineroar's Intimidate]<br></div><div class="battle-history"><small>Sableye's Attack fell!</small><br></div><div class="battle-history"><small>Kyurem's Attack fell!</small><br></div><div class="spacer battle-history"><br></div><h2 class="battle-history">Turn 1</h2><div class="chat message-error">melondonkey has 30 seconds left.</div><div class="spacer battle-history"><br></div><div class="battle-history"><small>(Kyurem's Dynamax!)</small><br></div><div class="spacer battle-history"><br></div><div class="battle-history">Sableye used <strong>Fake Out</strong>!<br></div><div class="battle-history"><small>(The opposing Whimsicott lost 7% of its health!)</small><br></div><div class="spacer battle-history"><br></div><div class="battle-history">The opposing Whimsicott flinched and couldn't move!<br></div><div class="spacer battle-history"><br></div><div class="battle-history">Kyurem used <strong>Max Hailstorm</strong>!<br></div><div class="battle-history"><small>It's super effective!</small><br></div><div class="battle-history"><small>(The opposing Whimsicott lost 93% of its health!)</small><br></div><div class="battle-history"><small>It started to hail!</small><br></div><div class="spacer battle-history"><br></div><div class="battle-history">The opposing Whimsicott fainted!<br></div><div class="battle-history"><small>Kyurem lost some of its HP!</small><br></div><div class="spacer battle-history"><br></div><div class="battle-history">The opposing Incineroar used <strong>Flare Blitz</strong>!<br></div><div class="battle-history"><small>(Sableye lost <abbr title="−94/157">59.9%</abbr> of its health!)</small><br></div><div class="battle-history"><small>The opposing Incineroar was damaged by the recoil!</small><br></div><div class="spacer battle-history"><br></div><div class="battle-history"><small>(The hail is crashing down.)</small><br></div><div class="battle-history"><small>The opposing Incineroar is buffeted by the hail!</small><br></div><div class="battle-history"><small>Sableye is buffeted by the hail!</small><br></div><div class="spacer battle-history"><br></div><div class="battle-history">SoAYusk sent out Zacian (<strong>Zacian-Crowned</strong>)!<br></div><div class="battle-history">[The opposing Zacian's Intrepid Sword]<br></div><div class="battle-history"><small>The opposing Zacian's Attack rose!</small><br></div><div class="spacer battle-history"><br></div><h2 class="battle-history">Turn 2</h2><div class="spacer battle-history"><br></div><div class="battle-history">The opposing Zacian used <strong>Protect</strong>!<br></div><div class="battle-history"><small>The opposing Zacian protected itself!</small><br></div><div class="spacer battle-history"><br></div><div class="battle-history">Sableye used <strong>Quash</strong>!<br></div><div class="battle-history"><small>The opposing Zacian protected itself!</small><br></div><div class="spacer battle-history"><br></div><div class="battle-history">Kyurem used <strong>Max Quake</strong>!<br></div><div class="battle-history"><small>It's super effective!</small><br></div><div class="battle-history"><small>The opposing Zacian couldn't fully protect itself and got hurt!</small><br></div><div class="battle-history"><small>(The opposing Zacian lost 29% of its health!)</small><br></div><div class="battle-history"><small>Sableye's Sp. Def rose!</small><br></div><div class="battle-history"><small>Kyurem's Sp. Def rose!</small><br></div><div class="battle-history"><small>Kyurem lost some of its HP!</small><br></div><div class="spacer battle-history"><br></div><div class="battle-history">The opposing Incineroar used <strong>Flare Blitz</strong>!<br></div><div class="battle-history"><small>(Sableye lost <abbr title="−54/157">34.4%</abbr> of its health!)</small><br></div><div class="spacer battle-history"><br></div><div class="battle-history">Sableye fainted!<br></div><div class="battle-history"><small>The opposing Incineroar was damaged by the recoil!</small><br></div><div class="spacer battle-history"><br></div><div class="battle-history"><small>(The hail is crashing down.)</small><br></div><div class="battle-history"><small>The opposing Zacian is buffeted by the hail!</small><br></div><div class="battle-history"><small>The opposing Incineroar is buffeted by the hail!</small><br></div><div class="spacer battle-history"><br></div><div class="battle-history">Go! <strong>Regieleki</strong>!<br></div><div class="spacer battle-history"><br></div><h2 class="battle-history">Turn 3</h2><div class="spacer battle-history"><br></div><div class="battle-history">SoAYusk withdrew Zacian!<br></div><div class="battle-history">SoAYusk sent out <strong>Rillaboom</strong>!<br></div><div class="battle-history">[The opposing Rillaboom's Grassy Surge]<br><small>Grass grew to cover the battlefield!</small><br></div><div class="spacer battle-history"><br></div><div class="battle-history">Regieleki used <strong>Electroweb</strong>!<br></div><div class="battle-history"><small>It's not very effective on the opposing Rillaboom.</small><br></div><div class="battle-history"><small>(The opposing Incineroar lost 18% of its health!)</small><br></div><div class="battle-history"><small>(The opposing Rillaboom lost 14% of its health!)</small><br></div><div class="battle-history"><small>The opposing Incineroar's Speed fell!</small><br></div><div class="battle-history"><small>The opposing Rillaboom's Speed fell!</small><br></div><div class="spacer battle-history"><br></div><div class="battle-history">Kyurem used <strong>Max Quake</strong>!<br></div><div class="battle-history"><small>It's not very effective...</small><br></div><div class="battle-history"><small>(The opposing Rillaboom lost 39% of its health!)</small><br></div><div class="battle-history"><small>Regieleki's Sp. Def rose!</small><br></div><div class="battle-history"><small>Kyurem's Sp. Def rose!</small><br></div><div class="battle-history"><small>Kyurem lost some of its HP!</small><br></div><div class="spacer battle-history"><br></div><div class="battle-history">The opposing Incineroar used <strong>Parting Shot</strong>!<br></div><div class="battle-history"><small>Regieleki's Attack fell!</small><br></div><div class="battle-history"><small>Regieleki's Sp. Atk fell!</small><br></div><div class="spacer battle-history"><br></div><div class="battle-history">SoAYusk withdrew Incineroar!<br></div><div class="battle-history">SoAYusk sent out Zacian (<strong>Zacian-Crowned</strong>)!<br></div><div class="battle-history">[The opposing Zacian's Intrepid Sword]<br></div><div class="battle-history"><small>The opposing Zacian's Attack rose!</small><br></div><div class="spacer battle-history"><br></div><div class="battle-history"><small>(The hail is crashing down.)</small><br></div><div class="battle-history"><small>Regieleki is buffeted by the hail!</small><br></div><div class="battle-history"><small>The opposing Zacian is buffeted by the hail!</small><br></div><div class="battle-history"><small>The opposing Rillaboom is buffeted by the hail!</small><br></div><div class="battle-history"><small>Regieleki's HP was restored.</small><br></div><div class="battle-history"><small>The opposing Zacian's HP was restored.</small><br></div><div class="battle-history"><small>Kyurem's HP was restored.</small><br></div><div class="battle-history"><small>The opposing Rillaboom's HP was restored.</small><br></div><div class="battle-history"><small>(Kyurem returned to normal!)</small><br></div><div class="spacer battle-history"><br></div><h2 class="battle-history">Turn 4</h2><div class="chat message-error">melondonkey has 30 seconds left.</div><div class="spacer battle-history"><br></div><div class="battle-history">The opposing Rillaboom used <strong>Fake Out</strong>!<br></div><div class="battle-history"><small>(Regieleki lost <abbr title="−46/156">29.5%</abbr> of its health!)</small><br></div><div class="spacer battle-history"><br></div><div class="battle-history">Regieleki flinched and couldn't move!<br></div><div class="spacer battle-history"><br></div><div class="battle-history">The opposing Zacian used <strong>Behemoth Blade</strong>!<br></div><div class="battle-history"><small>It's super effective!</small><br></div><div class="battle-history"><small>(Kyurem lost <abbr title="−177/201">88.1%</abbr> of its health!)</small><br></div><div class="spacer battle-history"><br></div><div class="battle-history">Kyurem fainted!<br></div><div class="spacer battle-history"><br></div><div class="battle-history"><small>(The hail is crashing down.)</small><br></div><div class="battle-history"><small>Regieleki is buffeted by the hail!</small><br></div><div class="battle-history"><small>The opposing Zacian is buffeted by the hail!</small><br></div><div class="battle-history"><small>The opposing Rillaboom is buffeted by the hail!</small><br></div><div class="battle-history"><small>Regieleki's HP was restored.</small><br></div><div class="battle-history"><small>The opposing Zacian's HP was restored.</small><br></div><div class="battle-history"><small>The opposing Rillaboom's HP was restored.</small><br></div><div class="spacer battle-history"><br></div><div class="battle-history">Go! Zacian (<strong>Zacian-Crowned</strong>)!<br></div><div class="battle-history">[Zacian's Intrepid Sword]<br></div><div class="battle-history"><small>Zacian's Attack rose!</small><br></div><div class="spacer battle-history"><br></div><h2 class="battle-history">Turn 5</h2><div class="spacer battle-history"><br></div><div class="battle-history">SoAYusk withdrew Zacian!<br></div><div class="battle-history">SoAYusk sent out <strong>Incineroar</strong>!<br></div><div class="battle-history">[The opposing Incineroar's Intimidate]<br></div><div class="battle-history"><small>Regieleki's Attack fell!</small><br></div><div class="battle-history"><small>Zacian's Attack fell!</small><br></div><div class="spacer battle-history"><br></div><div class="battle-history">Regieleki used <strong>Protect</strong>!<br></div><div class="battle-history"><small>Regieleki protected itself!</small><br></div><div class="spacer battle-history"><br></div><div class="battle-history">The opposing Rillaboom used <strong>Grassy Glide</strong>!<br></div><div class="battle-history"><small>Regieleki protected itself!</small><br></div><div class="spacer battle-history"><br></div><div class="battle-history">Zacian used <strong>Behemoth Blade</strong>!<br></div><div class="battle-history"><small>It's not very effective...</small><br></div><div class="battle-history"><small>A critical hit!</small><br></div><div class="battle-history"><small>(The opposing Incineroar lost 44% of its health!)</small><br></div><div class="spacer battle-history"><br></div><div class="battle-history"><small>The hail stopped.</small><br></div><div class="battle-history"><small>Regieleki's HP was restored.</small><br></div><div class="battle-history"><small>The opposing Incineroar's HP was restored.</small><br></div><div class="battle-history"><small>The opposing Rillaboom's HP was restored.</small><br></div><div class="spacer battle-history"><br></div><h2 class="battle-history">Turn 6</h2><div class="chat message-error">melondonkey has 30 seconds left.</div><div class="spacer battle-history"><br></div><div class="battle-history">The opposing Incineroar used <strong>Fake Out</strong>!<br></div><div class="battle-history"><small>It's not very effective...</small><br></div><div class="battle-history"><small>(Zacian lost <abbr title="−9/168">5.4%</abbr> of its health!)</small><br></div><div class="spacer battle-history"><br></div><div class="battle-history">The opposing Rillaboom used <strong>Grassy Glide</strong>!<br></div><div class="battle-history"><small>(Regieleki lost <abbr title="−119/156">76.3%</abbr> of its health!)</small><br></div><div class="spacer battle-history"><br></div><div class="battle-history">Regieleki fainted!<br></div><div class="battle-history">Zacian flinched and couldn't move!<br></div><div class="spacer battle-history"><br></div><div class="battle-history"><small>Zacian's HP was restored.</small><br></div><div class="battle-history"><small>The opposing Incineroar's HP was restored.</small><br></div><div class="battle-history"><small>The opposing Rillaboom's HP was restored.</small><br></div><div class="spacer battle-history"><br></div><h2 class="battle-history">Turn 7</h2><div class="spacer battle-history"><br></div><div class="battle-history"><small>melondonkey forfeited.</small><br></div><div class="spacer battle-history"><br></div><div class="battle-history"><strong>SoAYusk</strong> won the battle!<br></div><div class="chat">melondonkey's rating: 1443 → <strong>1428</strong><br>(-15 for losing)</div><div class="chat">SoAYusk's rating: 1532 → <strong>1547</strong><br>(+15 for winning)</div></div><div class="inner-preempt message-log"></div></div></div>
</div>
<script>
let daily = Math.floor(Date.now()/1000/60/60/24);document.write('<script src="https://play.pokemonshowdown.com/js/replay-embed.js?version'+daily+'"></'+'script>');
</script>
