<!DOCTYPE html>
<meta charset="utf-8" />
<!-- version 1 -->
<title>[Gen 8] VGC 2022 replay: melondonkey vs. KoonKy2</title>
<style>
html,body {font-family:Verdana, sans-serif;font-size:10pt;margin:0;padding:0;}body{padding:12px 0;} .battle-log {font-family:Verdana, sans-serif;font-size:10pt;} .battle-log-inline {border:1px solid #AAAAAA;background:#EEF2F5;color:black;max-width:640px;margin:0 auto 80px;padding-bottom:5px;} .battle-log .inner {padding:4px 8px 0px 8px;} .battle-log .inner-preempt {padding:0 8px 4px 8px;} .battle-log .inner-after {margin-top:0.5em;} .battle-log h2 {margin:0.5em -8px;padding:4px 8px;border:1px solid #AAAAAA;background:#E0E7EA;border-left:0;border-right:0;font-family:Verdana, sans-serif;font-size:13pt;} .battle-log .chat {vertical-align:middle;padding:3px 0 3px 0;font-size:8pt;} .battle-log .chat strong {color:#40576A;} .battle-log .chat em {padding:1px 4px 1px 3px;color:#000000;font-style:normal;} .chat.mine {background:rgba(0,0,0,0.05);margin-left:-8px;margin-right:-8px;padding-left:8px;padding-right:8px;} .spoiler {color:#BBBBBB;background:#BBBBBB;padding:0px 3px;} .spoiler:hover, .spoiler:active, .spoiler-shown {color:#000000;background:#E2E2E2;padding:0px 3px;} .spoiler a {color:#BBBBBB;} .spoiler:hover a, .spoiler:active a, .spoiler-shown a {color:#2288CC;} .chat code, .chat .spoiler:hover code, .chat .spoiler:active code, .chat .spoiler-shown code {border:1px solid #C0C0C0;background:#EEEEEE;color:black;padding:0 2px;} .chat .spoiler code {border:1px solid #CCCCCC;background:#CCCCCC;color:#CCCCCC;} .battle-log .rated {padding:3px 4px;} .battle-log .rated strong {color:white;background:#89A;padding:1px 4px;border-radius:4px;} .spacer {margin-top:0.5em;} .message-announce {background:#6688AA;color:white;padding:1px 4px 2px;} .message-announce a, .broadcast-green a, .broadcast-blue a, .broadcast-red a {color:#DDEEFF;} .broadcast-green {background-color:#559955;color:white;padding:2px 4px;} .broadcast-blue {background-color:#6688AA;color:white;padding:2px 4px;} .infobox {border:1px solid #6688AA;padding:2px 4px;} .infobox-limited {max-height:200px;overflow:auto;overflow-x:hidden;} .broadcast-red {background-color:#AA5544;color:white;padding:2px 4px;} .message-learn-canlearn {font-weight:bold;color:#228822;text-decoration:underline;} .message-learn-cannotlearn {font-weight:bold;color:#CC2222;text-decoration:underline;} .message-effect-weak {font-weight:bold;color:#CC2222;} .message-effect-resist {font-weight:bold;color:#6688AA;} .message-effect-immune {font-weight:bold;color:#666666;} .message-learn-list {margin-top:0;margin-bottom:0;} .message-throttle-notice, .message-error {color:#992222;} .message-overflow, .chat small.message-overflow {font-size:0pt;} .message-overflow::before {font-size:9pt;content:'...';} .subtle {color:#3A4A66;}
</style>
<div class="wrapper replay-wrapper" style="max-width:1180px;margin:0 auto">
<input type="hidden" name="replayid" value="gen8vgc2022-1548278097" />
<div class="battle"></div><div class="battle-log"></div><div class="replay-controls"></div><div class="replay-controls-2"></div>
<h1 style="font-weight:normal;text-align:center"><strong>[Gen 8] VGC 2022</strong><br /><a href="http://pokemonshowdown.com/users/melondonkey" class="subtle" target="_blank">melondonkey</a> vs. <a href="http://pokemonshowdown.com/users/koonky2" class="subtle" target="_blank">KoonKy2</a></h1>
<script type="text/plain" class="battle-log-data">|j|☆melondonkey

|j|☆KoonKy2
|t:|1649354035
|gametype|doubles
|player|p1|melondonkey|170|1439
|player|p2|KoonKy2|1|1554
|teamsize|p1|6
|teamsize|p2|6
|gen|8
|tier|[Gen 8] VGC 2022
|rated|
|rule|Species Clause: Limit one of each Pokémon
|rule|Item Clause: Limit one of each item
|clearpoke
|poke|p1|Kyurem-White, L50|
|poke|p1|Sableye, L50, F|
|poke|p1|Regieleki, L50|
|poke|p1|Zacian-*, L50|
|poke|p1|Urshifu-*, L50, F|
|poke|p1|Rillaboom, L50, F|
|poke|p2|Reshiram, L50|
|poke|p2|Zacian-*, L50|
|poke|p2|Grimmsnarl, L50, M|
|poke|p2|Gastrodon, L50, M|
|poke|p2|Thundurus, L50, M|
|poke|p2|Umbreon, L50, F|
|teampreview|4
|j| whowillsavethesane
|
|t:|1649354084
|start
|switch|p1a: Sableye|Sableye, L50, F|157\/157
|switch|p1b: Kyurem|Kyurem-White, L50|201\/201
|switch|p2a: Reshiram|Reshiram, L50|100\/100
|switch|p2b: Grimmsnarl|Grimmsnarl, L50, M|100\/100
|-ability|p1b: Kyurem|Turboblaze
|-ability|p2a: Reshiram|Turboblaze
|turn|1
|inactive|Battle timer is ON: inactive players will automatically lose when time's up. (requested by KoonKy2)
|inactive|Time left: 90 sec this turn | 420 sec total | 90 sec grace
|
|t:|1649354114
|-start|p1b: Kyurem|Dynamax|
|-heal|p1b: Kyurem|402\/402|[silent]
|-start|p2a: Reshiram|Dynamax|
|-heal|p2a: Reshiram|100\/100|[silent]
|move|p1a: Sableye|Fake Out|p2b: Grimmsnarl
|-damage|p2b: Grimmsnarl|93\/100
|cant|p2b: Grimmsnarl|flinch
|move|p1b: Kyurem|Max Hailstorm|p2b: Grimmsnarl
|-damage|p2b: Grimmsnarl|0 fnt
|-weather|Hail
|faint|p2b: Grimmsnarl
|-damage|p1b: Kyurem|382\/402|[from] item: Life Orb
|move|p2a: Reshiram|Max Wyrmwind|p1b: Kyurem
|-supereffective|p1b: Kyurem
|-damage|p1b: Kyurem|106\/402
|-unboost|p1a: Sableye|atk|1
|-unboost|p1b: Kyurem|atk|1
|
|-weather|Hail|[upkeep]
|-damage|p2a: Reshiram|98\/100|[from] Hail
|-damage|p1a: Sableye|148\/157|[from] Hail
|upkeep
|inactive|Time left: 55 sec this turn | 420 sec total
|
|t:|1649354132
|switch|p2b: Umbreon|Umbreon, L50, F|100\/100
|turn|2
|inactive|Time left: 55 sec this turn | 420 sec total
|inactive|melondonkey has 30 seconds left.
|
|t:|1649354158
|move|p1b: Kyurem|Max Quake|p2a: Reshiram
|-supereffective|p2a: Reshiram
|-damage|p2a: Reshiram|57\/100
|-boost|p1a: Sableye|spd|1
|-boost|p1b: Kyurem|spd|1
|-damage|p1b: Kyurem|86\/402|[from] item: Life Orb
|move|p2a: Reshiram|Max Flare|p1a: Sableye
|-damage|p1a: Sableye|42\/157
|-weather|SunnyDay
|move|p2b: Umbreon|Snarl|p1b: Kyurem|[spread] p1a,p1b
|-damage|p1a: Sableye|30\/157
|-damage|p1b: Kyurem|74\/402
|-unboost|p1a: Sableye|spa|1
|-unboost|p1b: Kyurem|spa|1
|move|p1a: Sableye|Foul Play|p2a: Reshiram
|-damage|p2a: Reshiram|42\/100
|
|-weather|SunnyDay|[upkeep]
|upkeep
|turn|3
|inactive|Time left: 55 sec this turn | 395 sec total
|inactive|melondonkey has 30 seconds left.
|inactive|KoonKy2 has 30 seconds left.
|inactive|melondonkey has 20 seconds left.
|inactive|KoonKy2 has 20 seconds left.
|
|t:|1649354195
|move|p1b: Kyurem|Max Hailstorm|p2a: Reshiram
|-damage|p2a: Reshiram|20\/100
|-weather|Hail
|-damage|p1b: Kyurem|54\/402|[from] item: Life Orb
|move|p2a: Reshiram|Max Wyrmwind|p1a: Sableye
|-damage|p1a: Sableye|0 fnt
|-unboost|p1b: Kyurem|atk|1
|faint|p1a: Sableye
|move|p2b: Umbreon|Foul Play|p1b: Kyurem
|-damage|p1b: Kyurem|24\/402
|
|-weather|Hail|[upkeep]
|-damage|p2a: Reshiram|17\/100|[from] Hail
|-damage|p2b: Umbreon|94\/100|[from] Hail
|-end|p1b: Kyurem|Dynamax
|-heal|p1b: Kyurem|12\/201|[silent]
|-end|p2a: Reshiram|Dynamax
|-heal|p2a: Reshiram|17\/100|[silent]
|upkeep
|inactive|Time left: 55 sec this turn | 360 sec total
|l| whowillsavethesane
|
|t:|1649354213
|switch|p1a: Zacian|Zacian-Crowned, L50|168\/168
|-ability|p1a: Zacian|Intrepid Sword|boost
|-boost|p1a: Zacian|atk|1
|turn|4
|inactive|Time left: 55 sec this turn | 345 sec total
|
|t:|1649354233
|switch|p2b: Zacian|Zacian-Crowned, L50|100\/100
|-ability|p2b: Zacian|Intrepid Sword|boost
|-boost|p2b: Zacian|atk|1
|move|p1b: Kyurem|Protect|p1b: Kyurem
|-singleturn|p1b: Kyurem|Protect
|move|p1a: Zacian|Sacred Sword|p2a: Reshiram
|-damage|p2a: Reshiram|0 fnt
|faint|p2a: Reshiram
|
|-weather|Hail|[upkeep]
|-damage|p1a: Zacian|158\/168|[from] Hail
|-damage|p2b: Zacian|95\/100|[from] Hail
|upkeep
|inactive|Time left: 55 sec this turn | 325 sec total
|
|t:|1649354248
|switch|p2a: Umbreon|Umbreon, L50, F|94\/100
|turn|5
|inactive|Time left: 55 sec this turn | 325 sec total
|
|t:|1649354256
|move|p1b: Kyurem|Helping Hand|p1a: Zacian
|-singleturn|p1a: Zacian|Helping Hand|[of] p1b: Kyurem
|move|p2b: Zacian|Protect|p2b: Zacian
|-singleturn|p2b: Zacian|Protect
|move|p1a: Zacian|Behemoth Blade|p2b: Zacian
|-activate|p2b: Zacian|move: Protect
|move|p2a: Umbreon|Yawn|p1a: Zacian
|-start|p1a: Zacian|move: Yawn|[of] p2a: Umbreon
|
|-weather|Hail|[upkeep]
|-damage|p1a: Zacian|148\/168|[from] Hail
|-damage|p2b: Zacian|89\/100|[from] Hail
|-damage|p2a: Umbreon|88\/100|[from] Hail
|upkeep
|turn|6
|inactive|Time left: 55 sec this turn | 320 sec total
|
|t:|1649354273
|move|p1b: Kyurem|Helping Hand|p1a: Zacian
|-singleturn|p1a: Zacian|Helping Hand|[of] p1b: Kyurem
|move|p1a: Zacian|Behemoth Blade|p2b: Zacian
|-damage|p2b: Zacian|0 fnt
|faint|p2b: Zacian
|move|p2a: Umbreon|Foul Play|p1a: Zacian
|-resisted|p1a: Zacian
|-damage|p1a: Zacian|81\/168
|
|-weather|Hail|[upkeep]
|-damage|p1a: Zacian|71\/168|[from] Hail
|-damage|p2a: Umbreon|82\/100|[from] Hail
|-end|p1a: Zacian|move: Yawn|[silent]
|-status|p1a: Zacian|slp
|upkeep
|turn|7
|inactive|Time left: 55 sec this turn | 305 sec total
|
|t:|1649354292
|cant|p1a: Zacian|slp
|move|p1b: Kyurem|Blizzard|p2a: Umbreon
|-damage|p2a: Umbreon|35\/100
|-status|p2a: Umbreon|frz
|-damage|p1b: Kyurem|0 fnt|[from] item: Life Orb
|faint|p1b: Kyurem
|-curestatus|p2a: Umbreon|frz|[msg]
|move|p2a: Umbreon|Foul Play|p1a: Zacian
|-resisted|p1a: Zacian
|-damage|p1a: Zacian|0 fnt
|faint|p1a: Zacian
|
|-weather|none
|upkeep
|inactive|Time left: 55 sec this turn | 290 sec total
|
|t:|1649354307
|switch|p1b: Rillaboom|Rillaboom, L50, F|196\/196
|-fieldstart|move: Grassy Terrain|[from] ability: Grassy Surge|[of] p1b: Rillaboom
|turn|8
|inactive|Time left: 55 sec this turn | 280 sec total
|
|t:|1649354323
|move|p1b: Rillaboom|Grassy Glide|p2a: Umbreon
|-damage|p2a: Umbreon|1\/100
|move|p2a: Umbreon|Yawn|p1b: Rillaboom
|-start|p1b: Rillaboom|move: Yawn|[of] p2a: Umbreon
|
|-heal|p2a: Umbreon|7\/100|[from] Grassy Terrain
|upkeep
|turn|9
|inactive|Time left: 55 sec this turn | 265 sec total
|-message|KoonKy2 forfeited.
|
|win|melondonkey
|inactive|Time left: 55 sec this turn | 265 sec total
|raw|melondonkey's rating: 1439 &rarr; <strong>1465<\/strong><br \/>(+26 for winning)
|raw|KoonKy2's rating: 1554 &rarr; <strong>1528<\/strong><br \/>(-26 for losing)
|l|☆KoonKy2</script>
</div>
<div class="battle-log battle-log-inline"><div class="inner"><div class="battle-options"><div style="padding-top: 3px; padding-right: 3px; text-align: right"><button class="icon button" name="openBattleOptions" title="Options">Battle Options</button></div></div><div class="inner message-log"><div class="chat"><small>☆melondonkey and ☆KoonKy2 joined</small></div><div class=""><small>Format:</small> <br><strong>[Gen 8] VGC 2022</strong></div><div class="rated"><strong>Rated battle</strong></div><div class=""><small><em>Species Clause:</em> Limit one of each Pokémon</small></div><div class=""><small><em>Item Clause:</em> Limit one of each item</small></div><div class="chat battle-history"><strong>melondonkey's team:</strong> <em style="color:#445566;display:block;">Kyurem-White / Sableye / Regieleki / Zacian-* / Urshifu-* / Rillaboom</em></div><div class="chat battle-history"><strong>KoonKy2's team:</strong> <em style="color:#445566;display:block;">Reshiram / Zacian-* / Grimmsnarl / Gastrodon / Thundurus / Umbreon</em></div><div class="chat"><small> whowillsavethesane joined</small></div><div class="spacer battle-history"><br></div><div class="battle-history">Battle started between melondonkey and KoonKy2!<br></div><div class="spacer battle-history"><br></div><div class="battle-history">Go! <strong>Sableye</strong>!<br></div><div class="spacer battle-history"><br></div><div class="battle-history">Go! Kyurem (<strong>Kyurem-White</strong>)!<br></div><div class="spacer battle-history"><br></div><div class="battle-history">KoonKy2 sent out <strong>Reshiram</strong>!<br></div><div class="spacer battle-history"><br></div><div class="battle-history">KoonKy2 sent out <strong>Grimmsnarl</strong>!<br></div><div class="battle-history">[Kyurem's Turboblaze]<br><small>Kyurem is radiating a blazing aura!</small><br></div><div class="battle-history">[The opposing Reshiram's Turboblaze]<br><small>The opposing Reshiram is radiating a blazing aura!</small><br></div><div class="spacer battle-history"><br></div><h2 class="battle-history">Turn 1</h2><div class="chat message-error">Battle timer is ON: inactive players will automatically lose when time's up. (requested by KoonKy2)</div><div class="spacer battle-history"><br></div><div class="battle-history"><small>(Kyurem's Dynamax!)</small><br></div><div class="battle-history"><small>(The opposing Reshiram's Dynamax!)</small><br></div><div class="spacer battle-history"><br></div><div class="battle-history">Sableye used <strong>Fake Out</strong>!<br></div><div class="battle-history"><small>(The opposing Grimmsnarl lost 7% of its health!)</small><br></div><div class="spacer battle-history"><br></div><div class="battle-history">The opposing Grimmsnarl flinched and couldn't move!<br></div><div class="spacer battle-history"><br></div><div class="battle-history">Kyurem used <strong>Max Hailstorm</strong>!<br></div><div class="battle-history"><small>(The opposing Grimmsnarl lost 93% of its health!)</small><br></div><div class="battle-history"><small>It started to hail!</small><br></div><div class="spacer battle-history"><br></div><div class="battle-history">The opposing Grimmsnarl fainted!<br></div><div class="battle-history"><small>Kyurem lost some of its HP!</small><br></div><div class="spacer battle-history"><br></div><div class="battle-history">The opposing Reshiram used <strong>Max Wyrmwind</strong>!<br></div><div class="battle-history"><small>It's super effective!</small><br></div><div class="battle-history"><small>(Kyurem lost <abbr title="−276/402">68.7%</abbr> of its health!)</small><br></div><div class="battle-history"><small>Sableye's Attack fell!</small><br></div><div class="battle-history"><small>Kyurem's Attack fell!</small><br></div><div class="spacer battle-history"><br></div><div class="battle-history"><small>(The hail is crashing down.)</small><br></div><div class="battle-history"><small>The opposing Reshiram is buffeted by the hail!</small><br></div><div class="battle-history"><small>Sableye is buffeted by the hail!</small><br></div><div class="spacer battle-history"><br></div><div class="battle-history">KoonKy2 sent out <strong>Umbreon</strong>!<br></div><div class="spacer battle-history"><br></div><h2 class="battle-history">Turn 2</h2><div class="chat message-error">melondonkey has 30 seconds left.</div><div class="spacer battle-history"><br></div><div class="battle-history">Kyurem used <strong>Max Quake</strong>!<br></div><div class="battle-history"><small>It's super effective!</small><br></div><div class="battle-history"><small>(The opposing Reshiram lost 41% of its health!)</small><br></div><div class="battle-history"><small>Sableye's Sp. Def rose!</small><br></div><div class="battle-history"><small>Kyurem's Sp. Def rose!</small><br></div><div class="battle-history"><small>Kyurem lost some of its HP!</small><br></div><div class="spacer battle-history"><br></div><div class="battle-history">The opposing Reshiram used <strong>Max Flare</strong>!<br></div><div class="battle-history"><small>(Sableye lost <abbr title="−106/157">67.5%</abbr> of its health!)</small><br></div><div class="battle-history"><small>The sunlight turned harsh!</small><br></div><div class="spacer battle-history"><br></div><div class="battle-history">The opposing Umbreon used <strong>Snarl</strong>!<br></div><div class="battle-history"><small>(Sableye lost <abbr title="−12/157">7.6%</abbr> of its health!)</small><br></div><div class="battle-history"><small>(Kyurem lost <abbr title="−12/402">3.0%</abbr> of its health!)</small><br></div><div class="battle-history"><small>Sableye's Sp. Atk fell!</small><br></div><div class="battle-history"><small>Kyurem's Sp. Atk fell!</small><br></div><div class="spacer battle-history"><br></div><div class="battle-history">Sableye used <strong>Foul Play</strong>!<br></div><div class="battle-history"><small>(The opposing Reshiram lost 15% of its health!)</small><br></div><div class="spacer battle-history"><br></div><div class="battle-history"><small>(The sunlight is strong.)</small><br></div><div class="spacer battle-history"><br></div><h2 class="battle-history">Turn 3</h2><div class="chat message-error">melondonkey has 30 seconds left.</div><div class="chat message-error">KoonKy2 has 30 seconds left.</div><div class="chat message-error">melondonkey has 20 seconds left.</div><div class="chat message-error">KoonKy2 has 20 seconds left.</div><div class="spacer battle-history"><br></div><div class="battle-history">Kyurem used <strong>Max Hailstorm</strong>!<br></div><div class="battle-history"><small>(The opposing Reshiram lost 22% of its health!)</small><br></div><div class="battle-history"><small>It started to hail!</small><br></div><div class="battle-history"><small>Kyurem lost some of its HP!</small><br></div><div class="spacer battle-history"><br></div><div class="battle-history">The opposing Reshiram used <strong>Max Wyrmwind</strong>!<br></div><div class="battle-history"><small>(Sableye lost <abbr title="−30/157">19.1%</abbr> of its health!)</small><br></div><div class="battle-history"><small>Kyurem's Attack fell!</small><br></div><div class="spacer battle-history"><br></div><div class="battle-history">Sableye fainted!<br></div><div class="battle-history">The opposing Umbreon used <strong>Foul Play</strong>!<br></div><div class="battle-history"><small>(Kyurem lost <abbr title="−30/402">7.5%</abbr> of its health!)</small><br></div><div class="spacer battle-history"><br></div><div class="battle-history"><small>(The hail is crashing down.)</small><br></div><div class="battle-history"><small>The opposing Reshiram is buffeted by the hail!</small><br></div><div class="battle-history"><small>The opposing Umbreon is buffeted by the hail!</small><br></div><div class="battle-history"><small>(Kyurem returned to normal!)</small><br></div><div class="battle-history"><small>(The opposing Reshiram returned to normal!)</small><br></div><div class="chat"><small> whowillsavethesane left</small></div><div class="spacer battle-history"><br></div><div class="battle-history">Go! Zacian (<strong>Zacian-Crowned</strong>)!<br></div><div class="battle-history">[Zacian's Intrepid Sword]<br></div><div class="battle-history"><small>Zacian's Attack rose!</small><br></div><div class="spacer battle-history"><br></div><h2 class="battle-history">Turn 4</h2><div class="spacer battle-history"><br></div><div class="battle-history">KoonKy2 withdrew Umbreon!<br></div><div class="battle-history">KoonKy2 sent out Zacian (<strong>Zacian-Crowned</strong>)!<br></div><div class="battle-history">[The opposing Zacian's Intrepid Sword]<br></div><div class="battle-history"><small>The opposing Zacian's Attack rose!</small><br></div><div class="spacer battle-history"><br></div><div class="battle-history">Kyurem used <strong>Protect</strong>!<br></div><div class="battle-history"><small>Kyurem protected itself!</small><br></div><div class="spacer battle-history"><br></div><div class="battle-history">Zacian used <strong>Sacred Sword</strong>!<br></div><div class="battle-history"><small>(The opposing Reshiram lost 17% of its health!)</small><br></div><div class="spacer battle-history"><br></div><div class="battle-history">The opposing Reshiram fainted!<br></div><div class="spacer battle-history"><br></div><div class="battle-history"><small>(The hail is crashing down.)</small><br></div><div class="battle-history"><small>Zacian is buffeted by the hail!</small><br></div><div class="battle-history"><small>The opposing Zacian is buffeted by the hail!</small><br></div><div class="spacer battle-history"><br></div><div class="battle-history">KoonKy2 sent out <strong>Umbreon</strong>!<br></div><div class="spacer battle-history"><br></div><h2 class="battle-history">Turn 5</h2><div class="spacer battle-history"><br></div><div class="battle-history">Kyurem used <strong>Helping Hand</strong>!<br></div><div class="battle-history"><small>Kyurem is ready to help Zacian!</small><br></div><div class="spacer battle-history"><br></div><div class="battle-history">The opposing Zacian used <strong>Protect</strong>!<br></div><div class="battle-history"><small>The opposing Zacian protected itself!</small><br></div><div class="spacer battle-history"><br></div><div class="battle-history">Zacian used <strong>Behemoth Blade</strong>!<br></div><div class="battle-history"><small>The opposing Zacian protected itself!</small><br></div><div class="spacer battle-history"><br></div><div class="battle-history">The opposing Umbreon used <strong>Yawn</strong>!<br></div><div class="battle-history"><small>Zacian grew drowsy!</small><br></div><div class="spacer battle-history"><br></div><div class="battle-history"><small>(The hail is crashing down.)</small><br></div><div class="battle-history"><small>Zacian is buffeted by the hail!</small><br></div><div class="battle-history"><small>The opposing Zacian is buffeted by the hail!</small><br></div><div class="battle-history"><small>The opposing Umbreon is buffeted by the hail!</small><br></div><div class="spacer battle-history"><br></div><h2 class="battle-history">Turn 6</h2><div class="spacer battle-history"><br></div><div class="battle-history">Kyurem used <strong>Helping Hand</strong>!<br></div><div class="battle-history"><small>Kyurem is ready to help Zacian!</small><br></div><div class="spacer battle-history"><br></div><div class="battle-history">Zacian used <strong>Behemoth Blade</strong>!<br></div><div class="battle-history"><small>(The opposing Zacian lost 89% of its health!)</small><br></div><div class="spacer battle-history"><br></div><div class="battle-history">The opposing Zacian fainted!<br></div><div class="battle-history">The opposing Umbreon used <strong>Foul Play</strong>!<br></div><div class="battle-history"><small>It's not very effective...</small><br></div><div class="battle-history"><small>(Zacian lost <abbr title="−67/168">39.9%</abbr> of its health!)</small><br></div><div class="spacer battle-history"><br></div><div class="battle-history"><small>(The hail is crashing down.)</small><br></div><div class="battle-history"><small>Zacian is buffeted by the hail!</small><br></div><div class="battle-history"><small>The opposing Umbreon is buffeted by the hail!</small><br></div><div class="battle-history"><small>Zacian fell asleep!</small><br></div><div class="spacer battle-history"><br></div><h2 class="battle-history">Turn 7</h2><div class="spacer battle-history"><br></div><div class="battle-history">Zacian is fast asleep.<br></div><div class="spacer battle-history"><br></div><div class="battle-history">Kyurem used <strong>Blizzard</strong>!<br></div><div class="battle-history"><small>(The opposing Umbreon lost 47% of its health!)</small><br></div><div class="battle-history"><small>The opposing Umbreon was frozen solid!</small><br></div><div class="battle-history"><small>Kyurem lost some of its HP!</small><br></div><div class="spacer battle-history"><br></div><div class="battle-history">Kyurem fainted!<br></div><div class="battle-history"><small>The opposing Umbreon thawed out!</small><br></div><div class="spacer battle-history"><br></div><div class="battle-history">The opposing Umbreon used <strong>Foul Play</strong>!<br></div><div class="battle-history"><small>It's not very effective...</small><br></div><div class="battle-history"><small>(Zacian lost <abbr title="−71/168">42.3%</abbr> of its health!)</small><br></div><div class="spacer battle-history"><br></div><div class="battle-history">Zacian fainted!<br></div><div class="spacer battle-history"><br></div><div class="battle-history"><small>The hail stopped.</small><br></div><div class="spacer battle-history"><br></div><div class="battle-history">Go! <strong>Rillaboom</strong>!<br></div><div class="battle-history">[Rillaboom's Grassy Surge]<br><small>Grass grew to cover the battlefield!</small><br></div><div class="spacer battle-history"><br></div><h2 class="battle-history">Turn 8</h2><div class="spacer battle-history"><br></div><div class="battle-history">Rillaboom used <strong>Grassy Glide</strong>!<br></div><div class="battle-history"><small>(The opposing Umbreon lost 34% of its health!)</small><br></div><div class="spacer battle-history"><br></div><div class="battle-history">The opposing Umbreon used <strong>Yawn</strong>!<br></div><div class="battle-history"><small>Rillaboom grew drowsy!</small><br></div><div class="spacer battle-history"><br></div><div class="battle-history"><small>The opposing Umbreon's HP was restored.</small><br></div><div class="spacer battle-history"><br></div><h2 class="battle-history">Turn 9</h2><div class="spacer battle-history"><br></div><div class="battle-history"><small>KoonKy2 forfeited.</small><br></div><div class="spacer battle-history"><br></div><div class="battle-history"><strong>melondonkey</strong> won the battle!<br></div><div class="chat">melondonkey's rating: 1439 → <strong>1465</strong><br>(+26 for winning)</div><div class="chat">KoonKy2's rating: 1554 → <strong>1528</strong><br>(-26 for losing)</div><div class="chat"><small>☆KoonKy2 left</small></div></div><div class="inner-preempt message-log"></div></div></div>
</div>
<script>
let daily = Math.floor(Date.now()/1000/60/60/24);document.write('<script src="https://play.pokemonshowdown.com/js/replay-embed.js?version'+daily+'"></'+'script>');
</script>
